% \cite[Ch. \22.2]{cormen}
%Para BFS
@book{cormen,
    title={Introduction to Algorithms, 3rd Edition},
    author={Cormen, Thomas H. and Leiserson, Charles E. and Rivest, Ronald L. and Stein, Clifford},  
    year={2009},
    publisher={The MIT Press}
}

@article{tabusearch,
  title = {Tabu Searchâ€”Part I},
  journal = {ORSA Journal on Computing},
  volume = {1},
  number = {3},
  pages = {190-206},
  year = {1989},
  doi = {10.1287/ijoc.1.3.190},
  eprint = {http://dx.doi.org/10.1287/ijoc.1.3.190},
}


